<record><leader>00000cas a22000007a 4500</leader><controlfield tag="001">29576984</controlfield><controlfield tag="008">940105d1905190uokuwr ne      0    0eng d</controlfield><datafield ind1=" " ind2=" " tag="010"><subfield code="a">sn 93066288 </subfield></datafield><datafield ind1=" " ind2=" " tag="040"><subfield code="a">OBN</subfield><subfield code="b">eng</subfield><subfield code="c">OBN</subfield><subfield code="d">OCLCQ</subfield><subfield code="d">OCLCO</subfield></datafield><datafield ind1="1" ind2=" " tag="029"><subfield code="a">AU@</subfield><subfield code="b">000025889622</subfield></datafield><datafield ind1=" " ind2=" " tag="042"><subfield code="a">msc</subfield></datafield><datafield ind1=" " ind2=" " tag="043"><subfield code="a">n-us-ok</subfield></datafield><datafield ind1="0" ind2=" " tag="130"><subfield code="a">Day County progress (Grand, Okla. : 1905)</subfield></datafield><datafield ind1="1" ind2="0" tag="245"><subfield code="a">Day County progress.</subfield></datafield><datafield ind1=" " ind2=" " tag="260"><subfield code="a">Grand, Okla. :</subfield><subfield code="b">A.I. Squire</subfield></datafield><datafield ind1=" " ind2=" " tag="300"><subfield code="a">v.</subfield></datafield><datafield ind1=" " ind2=" " tag="310"><subfield code="a">Weekly</subfield></datafield><datafield ind1="1" ind2=" " tag="362"><subfield code="a">Began in 1905.</subfield></datafield><datafield ind1=" " ind2=" " tag="588"><subfield code="a">Description based on: Vol. 10, no. 23 (June 1, 1905).</subfield></datafield><datafield ind1=" " ind2="0" tag="651"><subfield code="a">Grand (Okla.)</subfield><subfield code="v">Newspapers.</subfield></datafield><datafield ind1=" " ind2="0" tag="651"><subfield code="a">Ellis County (Okla.)</subfield><subfield code="v">Newspapers.</subfield></datafield><datafield ind1=" " ind2=" " tag="752"><subfield code="a">United States</subfield><subfield code="b">Oklahoma</subfield><subfield code="c">Ellis</subfield><subfield code="d">Grand.</subfield></datafield><datafield ind1="0" ind2="0" tag="780"><subfield code="t">Day County progress and grand republican</subfield></datafield></record>